19100011032154∂Ãﬁº∑∂ﬁ≤º‘∏‹ ◊                          03300138               333               20105377                 
20009               402                   17243156≈∂ﬁ…⁄µ                        00000046001000000000000000100100        
20005               480                   13582669∂‹ ◊∂ΩﬁÀª                     00000059231000000000000000100010        
20010               373                   10091141∆º∂‹±∑À∫                      00000047001000000000000000100020        
20138               328                   11142696≈∂ ¿¿πº                       00000047001000000000000000100030        
22963               667                   10123134— ›œƒﬁ¿ÿ¬∏Àﬁ›…∞Ÿ±Ωﬁ–          00000047001000000000000000100040        
20138               342                   11020448º›‘ ‘–                        00000047001000000000000000100050        
21280               036                   10215383∂‹ÕﬁÃ–¿∂                      00000047001000000000000000100080        
20138               340                   11440877ÃŸ∂‹–ΩﬁŒ                      00000001001000000000000000100070        
29900               058                   15159950ƒ∂º∑’∂                        00000001001000000000000000100090        
20138               359                   16244593¥Àﬁ∫¡À€                       00000001001000000000000000100110        
8000010000000034323000000000000000000000000000000000000                                                                 
9                                                                                                                       
