19110000000000                                        01210000               000               90000000                 
20000               000                   10000000                              00000007000000000000000000000000        
20000               000                   10000000                              00000022000000000000000000000000        
20000               000                   10000000                              00000009000000000000000000000000        
8000003000000003800000000000000000000000000000000000000                                                                 
9                                                                                                                       
